@FOOTNOTE{Note1,key="Note1",note=" $\tau _1=(4D_{xx}+D_{yy}+D_{zz})^{-1}$, $\tau _2=(D_{xx}+4D_{yy}+D_{zz})^{-1}$, $\tau _3=(D_{xx}+D_{yy}+4D_{zz})^{-1}$, $\tau _4=[6(D+(D^2-L^2)^{-1/2}]^{-1}$, $\tau _5=[6(D-(D^2-L^2)^{-1/2}]^{-1}$, $D=\protect \frac  {1}{3}(D_{xx}+D_{yy}+D_{zz})$ and $L^2=\protect \frac  {1}{3}(D_{xx}D_{yy}+D_{xx}D_{zz}+D_{yy}D_{zz})$"}
@CONTROL{REVTEX41Control}
@CONTROL{apsrev41Control,author="08",editor="1",pages="0",title="",year="1"}
